@ARTICLE{Birkinshaw,
    author = {Birkinshaw, M},
    title = {The Sunyaev-Zel’dovich Effect},
    year = {Department of Physics, University of Bristol, Bristol BS8 1TL, UK},
    journal = {6 Aug 1998 astro-ph/9808050.}
}

@ARTICLE{Giodini,
    author = {Giodini, S. et al.},
    title = {Scaling Relations for Galaxy Clusters: Properties and Evolution},
    year = {Leiden Observatory, Leiden University},
    journal = {14 May 2013 astro-ph.CO.}
}

@ARTICLE{Silva,
    author = {da Silva, A. C. et al.},
    title = {Hydrodynamical Simulations of the Sunyaev-Zel'Dovich Effect},
    year = {Astrophysics Group, The Blackett Laboratory, Imperial College, London},
    journal = {1 Mar 2000 Mon. Not. R. Astron. Soc. 317, 37-44 (2000)}
}

@MISC{LSS,
    author = {Popping, G. Jensma, J.},
    title = {The Sunyaev-Zel'dovich effect, LSS report},
    year = {September 8, 2009}
}

@MISC{wikipedia,
    author = {Wikipedia},
    title = {Sunyaev–Zel'dovich effect array},
    year = {2013},
    note = {http://en.wikipedia.org/wiki/Sunyaev-Zel'dovich\_Array}
}

@MISC{Parsons,
    author = {Aaron Parsons},
    title = {Inverse Compton Scattering},
    year = {2014},
    note = {http://www.youtube.com/watch?v=2KFVxPENcEw}
}

@MISC{Chicago,
    author = {Center for Cosmological Physics},
    title = {University of Chicago, Astronomy Department Website},
    year = {2013},
    note = {http://astro.uchicago.edu/sza/primer.html}
}

@MISC{Planck,
    author = {European Space Agency Website},
    title = {ESA, Planck},
    year = {2013},
    note = {http://sci.esa.int/planck/48231-animation-of-the-sunyaev-zel-dovich-effect}
}