@ARTICLE{Pap,
    author = "R. T. Pappalardo and M. J. S. Belton and H. H. Brenemn and M. H. Carr and C. R. Chapman and G. C. Collins and T. Denk and S. Fagents and P. E. Geissler and B. Giese and R. Greeley and R. Greenberg and J. W. Head and P. Helfenstein and G. Hoppa and S. D. Kadel and K. P. Klaasen and J. E. Klemaszewski and K. Magee and A. S. McEwen and J. M. Moore and W. B. Moore and G. NG. Neukum and C. B. Phillips and L. M. Prockter and G. Schubert and D. A. Senske and R. J. Sullivan and B. R. Tufts and E. P. Turtle and R. Wagner and K. K. Williams",
    title = "Does Europa have a subsurface ocean? Evaluation of the geological evidence",
    year = "1999",
    journal = "Journal of Geophysical Research, Vol. 104, No. E10, Pages 24,015-24,055"
    }

@ARTICLE{Geiss,
    author = "P. E. Geissler and R. Greenberg and G. Hoppa and P. Helfenstein and A. McEwen and R. Pappalardo and R. Tufts and M. Ockert-Bell and T. Sullivank and R. Greeleyk and M. J. S. Belton and T. Denk and B. Clark and J. Burs and J. Veverkat  and The Galileo Imaging Team",
    title = "Evidence for non-synchronous rotation of Europa",
    year = "1998",
    journal = "Nature Vol. 391"
    }

@ARTICLE{Han,
    author = "Lijie Han and Adam P. Showman",
    title = "Coupled convection and tidal dissipation in Europa's ice shell",
    year = "2010",
    journal = "Elsevier"
    }

@ARTICLE{Yuen,
    author = "A. V. Malevsky and D. A. Yuen",
    title = "Strongly chaotic non-newtonian mantle convection",
    year = "1991",
    journal = "Geophys. Astrophys. Fluid Dinamics, Vol. 65, pp. 149-171"
    }

@BOOK{Greenberg-book,
    author = "Richard Greenberg",
    title = "Europa - The Ocean Moon, Search for an Alien Biosphere",
    year = "2005",
    publisher = "Springer-Praxis"
    }

@BOOK{Alik,
    author = "Alik Ismail-Zaden and Paul Tackley",
    title = "Computational Methods for Geodynamics",
    year = "2010",
    publisher = "Cambridge University Press"
    }

@BOOK{Numerical,
    author = "Taras Gerya",
    title = "Numerical Geodynamical Modelling",
    year = "2010",
    publisher = "Cambridge University Press"
    }

@BOOK{Comp_Phys,
    author = "Nicholas J. Giordano and Hisao Nakanishi",
    title = "Computational Physics, Second Edition",
    year = "2006",
    publisher = "Pearson Prentice Hall"
    }
   